@article{brownian-motion-report,
  author = {井出駿太},
  title  = {B1 ブラウン運動実験},
  url    = {https://drive.google.com/file/d/1ClIaXwswdlD8eWt6iteMWtvHT76CaWkJ/view?usp=sharing}
}
